<record><leader>00000cas a22000007a 4500</leader><controlfield tag="001">12691161</controlfield><controlfield tag="008">851018c19699999iauwr ne      0   a0eng c</controlfield><controlfield tag="009">5087</controlfield><datafield ind1=" " ind2=" " tag="010"><subfield code="a">sn 85049797 </subfield></datafield><datafield ind1=" " ind2=" " tag="040"><subfield code="a">INP</subfield><subfield code="b">eng</subfield><subfield code="c">INP</subfield><subfield code="d">NSD</subfield><subfield code="d">OCLCQ</subfield></datafield><datafield ind1=" " ind2=" " tag="012"><subfield code="m">1</subfield></datafield><datafield ind1="1" ind2=" " tag="022"><subfield code="a">1085-2085</subfield><subfield code="l">1085-2085</subfield><subfield code="2">1</subfield></datafield><datafield ind1=" " ind2=" " tag="032"><subfield code="a">611660</subfield><subfield code="b">USPS</subfield></datafield><datafield ind1=" " ind2=" " tag="037"><subfield code="b">South Benton Star-Press, 832 12th St., P.O. Box 208, Belle Plaine, IA 52208-0208</subfield></datafield><datafield ind1=" " ind2=" " tag="042"><subfield code="a">nsdp</subfield><subfield code="a">pcc</subfield></datafield><datafield ind1=" " ind2="0" tag="222"><subfield code="a">South Benton star-press</subfield></datafield><datafield ind1="0" ind2="0" tag="245"><subfield code="a">South Benton star-press.</subfield></datafield><datafield ind1="3" ind2=" " tag="246"><subfield code="a">South Benton star press</subfield></datafield><datafield ind1="1" ind2="3" tag="246"><subfield code="a">Benton County star press</subfield></datafield><datafield ind1=" " ind2=" " tag="260"><subfield code="a">Blairstown, Iowa :</subfield><subfield code="b">[s.n.],</subfield><subfield code="c">1969-</subfield></datafield><datafield ind1=" " ind2=" " tag="300"><subfield code="a">v. :</subfield><subfield code="b">ill. ;</subfield><subfield code="c">57 cm.</subfield></datafield><datafield ind1=" " ind2=" " tag="310"><subfield code="a">Weekly</subfield></datafield><datafield ind1="0" ind2=" " tag="362"><subfield code="a">Vol. 47, no. 23 (Feb. 13, 1969)-</subfield></datafield><datafield ind1=" " ind2=" " tag="500"><subfield code="a">"Serving the south slope of Benton County".</subfield></datafield><datafield ind1=" " ind2=" " tag="500"><subfield code="a">Imprint varies: Blairstown, Iowa, Feb. 13, 1969-July 1, 1976; Belle Plaine, Iowa, July 7, 1976-   .</subfield></datafield><datafield ind1=" " ind2=" " tag="500"><subfield code="a">Publisher: Newspapers of Benton County, July 7, 1976-   .</subfield></datafield><datafield ind1=" " ind2=" " tag="580"><subfield code="a">Formed by the union of: Benton community forum; Benton County star; and Blairstown press (Blairstown, Iowa : 1919).</subfield></datafield><datafield ind1=" " ind2=" " tag="752"><subfield code="a">United States</subfield><subfield code="b">Iowa</subfield><subfield code="c">Benton</subfield><subfield code="d">Belle Plaine.</subfield></datafield><datafield ind1=" " ind2=" " tag="752"><subfield code="a">United States</subfield><subfield code="b">Iowa</subfield><subfield code="c">Benton</subfield><subfield code="d">Blairstown.</subfield></datafield><datafield ind1=" " ind2=" " tag="752"><subfield code="a">United States</subfield><subfield code="b">Iowa</subfield><subfield code="c">Benton</subfield><subfield code="d">Norway.</subfield></datafield><datafield ind1="1" ind2="4" tag="780"><subfield code="t">Benton community forum</subfield><subfield code="w">(DLC)sn 85050840</subfield></datafield><datafield ind1="1" ind2="4" tag="780"><subfield code="t">Benton County star</subfield><subfield code="w">(DLC)sn 85049578</subfield></datafield><datafield ind1="1" ind2="4" tag="780"><subfield code="t">Blairstown press (Blairstown, Iowa : 1919)</subfield><subfield code="w">(DLC)sn 85049580</subfield></datafield><datafield ind1=" " ind2=" " tag="936"><subfield code="a">Vol. 57, no. 38 (Sept. 20, 1995) LIC</subfield></datafield></record>